

@inproceedings{VanHove:1961vwa,
	author = {Van Hove, L.},
	booktitle = {{3rd International Conference on High-Energy Accelerators}},
	title = {{The Role of High Energy Accelerators in Particle Physics}},
	year = {1961}
	}

@article{abramowicz16,
	author={Abramowicz, H. and others},
	doi = { 10.1002/andp.201670017},
	journal = {Special Issue: Particle Physics after the Higgs},
	number = {1-2},
	pages = {16-19},
	publisher = {Annalen der Physik},
	title = {Particle Physics after the Higgs},
	volume = {528},
	year = {2016},
}

@article{adeva83,
	author = {Adeva, B. and others},
	journal = { Phys. Rev. Lett.},
	title = {Search for top quark and a test of models without top quark up to 38.54 GeV at PETRA},
	volume = {50},
	year = {1983}}

@article{battison15,
	author={Battison, R.},
	doi = {10.1002/andp.201500250},
	journal = {Special Issue: Particle Physics after the Higgs},
	number = {1-2},
	pages = {55-61},
	publisher = {Annalen der Physik},
	title = {What next in fundamental physics in space},
	volume = {528},
	year = {2015},
}
@article{BCKKMS,
	author = {Bechtle,P. and Chall,C. and King,M. and Kr{\"a}mer,M. and {M{\"a}ttig}, P. and {St{\"o}ltzner}, M.},
	doi = {10.1086/710618},
	journal = {Philosophy of Science},
	pages = {1--11},
	title = {Bottom -- Ups},
	year = {forthcoming},
}

@article{Bird2007,
	author = {Alexander Bird},
	journal = {No{\^u}s.},
	pages = {64--89},
	title = {{What is scientific progress}},
	volume = {41},
	year = {2007}
	}

@article{Bloom:DIS,
	author = {Bloom, Elliott D. and others},
	doi = {10.1103/PhysRevLett.23.930},
	journal = {Phys. Rev. Lett.},
	pages = {930--934},
	reportnumber = {SLAC-PUB-0642},
	title = {{High-Energy Inelastic e p Scattering at 6-Degrees and 10-Degrees}},
	volume = {23},
	year = {1969},
}

@report{brassler20,
author = {Ursula Brassler},
title = {2020 UPDATE OF THE EUROPEAN STRATEGY
FOR PARTICLE PHYSICS},
institution = {European Strategy Group},
year = {2020}}


@article{brown88,
	author = {Brown, L and others},
	doi = {10.1063/1.881136},
	journal = {Physics Today},
	title = {{Pions to Quarks: Particle Physics in the 1950s}},
	volume = {41},
	year = {1988},
}


@article{Buchmuller2009,
	archiveprefix = {arXiv},
	author = {Buchmuller, Wilfried},
	doi = {10.22323/1.084.0029},
	eprint = {1003.1078},
	journal = {PoS},
	pages = {029},
	primaryclass = {hep-ph},
	title = {{Summary and Outlook: Particles and Cosmology}},
	volume = {EPS-HEP2009},
	year = {2009},
}
@article{buras15,
	author={Buras, Andrzej},
	doi = {10.1002/andp.201500103},
	journal = {Special Issue: Particle Physics after the Higgs},
	number = {1-2},
	pages = {96-101},
	publisher = {Annalen der Physik},
	title = {Flavour physics: Status and perspectives},
	volume = {528},
	year = {2015},
}

@article{Chalmers2003,
	author = {Alan F. Chalmers},
	doi = {10.1086/376924},
	journal = {Philosophy of Science},
	number = {3},
	pages = {493--509},
	publisher = {University of Chicago Press},
	title = {The Theory-Dependence of the Use of Instruments in Science},
	volume = {70},
	year = {2003},
	}



@article{challetal1,
	author = {Chall, Cristin and Martin King and Peter M\"{a}ttig and Michael St\"{o}ltzner},
	journal = {Synthese},
	pages = {1--29},
	title = {From a Boson to the Standard Model Higgs: A Case Study in Confirmation and Model Dynamics},
	type = {Journal Article},
	year = {2018}}

@article{CERN1990,
	author = {European Committee for Future Accelerators},
	publisher = {CERN Yellow Reports: Conference Proceedings, Geneva ; CERN. Geneva},
	title = {Large Hadron Collider Workshop, v.1},
	year = {1990}}

@article{CMS-Music,
	archiveprefix = {arXiv},
	author = {Sirunyan, Albert M and others},
	collaboration = {CMS},
	eprint = {2010.02984},
	month = {10},
	primaryclass = {hep-ex},
	reportnumber = {CMS-EXO-19-008, CERN-EP-2020-171},
	title = {{MUSiC: a model unspecific search for new physics in proton-proton collisions at $\sqrt{s} = $ 13 TeV}},
	year = {2020}}

@inproceedings{cranmer2015,
	archiveprefix = {arXiv},
	author = {Kyle Cranmer},
	booktitle = {"{Proceedings, 2011 European School of High-Energy Physics (ESHEP 2011): Cheile Gradistei, Romania, September 7-20, 2011}",},
	eprint = {1503.07622},
	pages = {"267-308"},
	primaryclass = {physics.data-an},
	title = {{Practical Statistics for the LHC}},
	year = {2015}}

@article{deFlorian:2016spz,
	archiveprefix = {arXiv},
	author = {de Florian, D. and others},
	collaboration = {LHC Higgs Cross Section Working Group},
	doi = {10.23731/CYRM-2017-002},
	eprint = {1610.07922},
	month = {10},
	primaryclass = {hep-ph},
	reportnumber = {CERN-2017-002-M, CERN-2017-002},
	title = {{Handbook of LHC Higgs Cross Sections: 4. Deciphering the Nature of the Higgs Sector}},
	volume = {2/2017},
	year = {2016},
	}

	@article{Dellsen2016-DELSPK,
	year = {2016},
	publisher = {Elsevier Bv},
	title = {Scientific Progress: Knowledge Versus Understanding},
	pages = {72--83},
	doi = {10.1016/j.shpsa.2016.01.003},
	author = {Finnur Dells\'{e}n},
	journal = {Studies in History and Philosophy of Science Part A},
	volume = {56}
}


@article{dellsen2018b,
	author = {Dells{\'e}n, Finnur},
	year = {2018},
	title = {When Expert Disagreement Supports the Consensus},
	journal = {Australasian Journal of Philosophy},
	volume = {96},
	number = {1},
	pages = {142--156},	
}

@article{Dellsen2018,
	author = {Finnur Dells{\'e}n},
	publisher = {Philosophy Compass},
	title = {Scientific Progress: Four Accounts},
	year = {2018}}

@article{Dissertori2012,
	author = {G{\"u}nther Dissertori},
	publisher = {Moriond 2012, QCD and High Energy Interactions; La Thulie, Italia},
	title = {MORIOND 2012, QCD AND HIGH ENERGY INTERACTIONS-EXPERIMENTAL SUMMARY},
	year = {2012},
        journal = {Moriond}}

@article{ellis12,
	author = {Ellis, John},
	journal = {Physics at the high-energy frontier: the Large Hadron Collider project},
	title = {Outstanding questions: physics beyond the Standard Model},
	volume = {370},
	year = {2012}
	}




@article{Fine1991,
	author = {Arthur Fine},
	doi = {10.1007/BF00385834},
	journal = {Philosophical Studies},
	number = {1-2},
	pages = {79--96},
	publisher = {Springer},
	title = {Piecemeal Realism},
	volume = {61},
	year = {1991},
}

@article{Franklin2005-FRAEE,
	author = {L. R. Franklin},
	doi = {10.1086/508117},
	journal = {Philosophy of Science},
	number = {5},
	pages = {888--899},
	publisher = {University of Chicago Press},
	title = {Exploratory Experiments},
	volume = {72},
	year = {2005},
}

@article{Franklin2015-FRATTO-7,
	author = {Allan Franklin},
	doi = {10.1007/s10838-015-9285-9},
	journal = {Journal for General Philosophy of Science / Zeitschrift f\"ur Allgemeine Wissenschaftstheorie},
	number = {1},
	pages = {155--166},
	publisher = {Springer Netherlands},
	title = {The Theory-Ladenness of Experiment},
	volume = {46},
	year = {2015},
}

@book{Franklin13,
	author = {Allan Franklin},
	publisher = {University of Pittsburgh Press},
	title = {Shifting Standards: Experiments in Particle Physics in the Twentieth Century},
	year = {2013}}

@article{galison88,
	author = {Peter Galison},
	journal = {Science in Context},
	number = {1},
	pages = {197-212},
	title = {History, Philosophy, and the
Central Metaphor},
	volume = {2},
	year = {1988}}

@incollection{galison95,
	author      = {Galison, Peter},
	title       = {Theory Bound and Unbound: Superstrings and Experiments},
	editor      = {Weinert, Friedel},
	year = {1995},
	booktitle   = {The laws of nature: Philosophy and science}
}


@article{georgi74,
	author = {Howard Georgi and Sheldon L. Glashow},
	journal = {Physical review letters},
	number = {8},
	pages = {438},
	title = {Unity  of  all  elementary  particle  forces},
	volume = {63},
	year = {1974}}

@booklet{gilman84,
        author = {Fred Gilman},
         title = {The November Revolution},
        howpublished= {Talk presented at the 10th Anniversary Symposium of the November Revolution},
        year = {1984}}

@article{Giudice:2008bi,
	archiveprefix = {arXiv},
	author = {Giudice, Gian Francesco},
	editor = {Kane, Gordon and Pierce, Aaron},
	eprint = {0801.2562},
	month = {1},
	pages = {155--178},
	primaryclass = {hep-ph},
	title = {{Naturally Speaking: The Naturalness Criterion and Physics at the LHC}},
	year = {2008}}

@book{hacking83,
	author = {Ian Hacking},
	publisher = {Cambridge University Press},
	title = {Representing and Intervening: Introductory Topics in the Philosophy of Natural Science},
	year = {1983}}

@article{Hanson1960,
	author = {Norwood R. Hanson and A. D. Ritchie and Henryk Mehlberg},
	journal = {British Journal for the Philosophy of Science},
	number = {40},
	pages = {346--349},
	publisher = {Taylor \& Francis},
	title = {Patterns of Discovery},
	volume = {10},
	year = {1960}}

@article{healey12,
	author = {Healey, Richard},
	journal = {The British Journal for the Philosophy of Science},
	note = {10.1093/bjps/axr054},
	number = {4},
	pages = {729-771},
	title = {Quantum Theory: A Pragmatist Approach},
	type = {Journal Article},
	volume = {63},
	year = {2012}}


@article{heinemann16,
	author={Heinemann, Beate},
	doi = {10.1002/andp.201500212},
	journal = {Special Issue: Particle Physics after the Higgs},
	number = {1-2},
	pages = {123-130},
	publisher = {Annalen der Physik},
	title = {LHC â€“ perspectives at the energy frontier},
	volume = {528},
	year = {2016},
}

@article{tanaka15,
	author={Tanaka, Hirohisa A.},
	doi = {10.1002/andp.201500105},
	journal = {Special Issue: Particle Physics after the Higgs},
	number = {1-2},
	pages = {89-95},
	publisher = {Annalen der Physik},
	title = {Neutrino mass: A gateway to new physics},
	volume = {528},
	year = {2015},
}

@book{hoddeson97,
	author = {Brown, L. and others},
	publisher = {Cambridge University Press},
	title = {The Rise of the Standard Model: A History of Particle Physics from 1964 to 1979},
	year = {1997},}

@article{jacob79,
	author = {Jacob, M.},
	publisher = {CERN 79-01},
	title = {PROCEEDINGS OF THE LEP SUMMER STUDY},
        volume = {1},
	year = {1979}}

@article{jammer66,
	author = {Max Jammer},
        publisher = {McGraw-Hill Inc.,US},
	title = {The Conceptual Development of Quantum Mechanics},
	year = {1966},}

@book{laudan77,
	author = {Larry Laudan},
	publisher = {Routledge and Kegan Paul},
	title = {Progress and Its Problems: Toward a Theory of Scientific Growth},
	year = {1977},}

@book{laudan84a,
	author = {Larry Laudan},
	publisher = {University of California Press},
	title = {Science and Values: The Aims of Science and Their Role in Scientific Debate},
	year = {1984}}

@article{levi67,
	author = {Isaac Levi},
	journal = {Harper \& Row},
	number = {2},
	pages = {93--136},
	title = {Gambling With Truth: An Essay on Induction and the Aims of Science},
	year = {1967}}

@article{levi85,
	author = {Isaac Levi},
	journal = {PSA 1984 },
        publisher = {East Lansing, MI: Philosophy of Science Association},
	number = {2},
	pages = {617â€“-636},
	title = {Messianic vs Myopic Realism},
	year = {1985}}
%Essay from 1967 journal 1973

@article{karaca13,
	author = {Koray Karaca},
	journal = {Science in Context},
	number = {1},
	pages = {93--136},
	title = {The Strong and Weak Senses of Theory-Ladenness of Experimentation: Theory-Driven Versus Exploratory Experiments in the History of High-Energy Particle Physics},
	volume = {26},
	year = {2013}}

@article{kitchin2014,
	author = {Rob Kitchin},
	doi = {10.1177/2053951714528481},
	journal = {Big Data \& Society},
	number = {1},
	pages = {2053951714528481},
	title = {Big Data, new epistemologies and paradigm shifts},
	volume = {1},
	year = {2014},
}

@article{Koberinski2020-KOBQQ,
	author = {Adam Koberinski and Chris Smeenk},
	doi = {10.1016/j.shpsb.2020.03.003},
	journal = {Studies in History and Philosophy of Science Part B: Studies in History and Philosophy of Modern Physics},
	pages = {1--13},
	title = {Q.E.D., Qed},
	volume = {71},
	year = {2020},
}

@article{Kosso1989,
	author = {Peter Kosso},
	doi = {jphil198986559},
	journal = {Journal of Philosophy},
	number = {5},
	pages = {245--257},
	publisher = {Journal of Philosophy Inc},
	title = {Science and Objectivity},
	volume = {86},
	year = {1989},
}

@book{kuhn62,
	address = {Chicago, IL},
	author = {Kuhn, Thomas S.},
	isbn = {9780226458113},
	publisher = {University of Chicago Press},
	series = {Clarendon library of logic and philosophy},
	title = {The Structure of Scientific Revolutions},
	type = {Book},
	year = {1962},

}

@article{Lakatos1978,
	author = {Imre Lakatos},
	publisher = {Cambridge University Press},
	title = {The Methodology of Scientific Research Programmes},
	year = {1978},
	}

@article{Langacker2018,
	author = {Paul Langacker},
	publisher = {The 39th International Conference on High Energy Physics (ICHEP2018); Seoul, Korea},
	title = {Conference Summary and Outlook: Particle Physics - Past, Present, and Future},
	year = {2018}}

@article{Laudan1981,
	author = {Larry Laudan},
	journal = {Scientific Revolutions.Oxford: Oxford University Press},
	pages = {144--155},
	publisher = {I. Hacking},
	title = {A problem-solving approachto scientific progress},
	year = {1981}}

@article{leonelli2014,
	author = {Sabina Leonelli},
	journal = {Big Data and Society},
	pages = {1-11},
	title = {What difference does quantity make? On the epistemology of Big Data in biology},
	volume = {april-june},
	year = {2014}}

@article{Leonelli2015-LEOWCA,
	author = {Sabina Leonelli},
	doi = {10.1086/684083},
	journal = {Philosophy of Science},
	number = {5},
	pages = {810--821},
	title = {What Counts as Scientific Data? A Relational Framework},
	volume = {82},
	year = {2015},
}

@article{maettigstoeltznersig,
	author = {M{\"a}ttig, Peter and Michael St{\"o}ltzner},
	doi = {10.1086/710618},
	journal = {Philosophy of Science},
	pages = {1--11},
	title = {Searching for Signatures},
	year = {2021},
}

@article{Mangano2013,
	author = {Michelangelo Mangano},
	publisher = {Moriond QCD and High Energy Interactions; La Thulie, Italia},
	title = {QCD AND HIGH-ENERGY HADRONIC INTERACTIONS: THEORETICAL SUMMARY},
	year = {2013}
	}

@article{mccoymassimi,
	author = {McCoy, C.D. and Massimi, Michaela},
	journal = {European Journal for Philosophy of Science},
	number = {1},
	pages = {99--123},
	publisher = {Springer},
	title = {Simplified Models: A Different Perspective on Models as Mediators},
	volume = {8},
	year = {2018}
}

@article{boazmiller,
	author = {Miller, Boaz},
	year = {2013},
	journal = {Synthese},
	volume = {190},
	number = {7},
	title = {When is consensus knowledge based? Distinguishing shared knowledge from mere agreement},
	pages = {1293--1316}	
}

@article{Mizrahi2013-MIZWIS,
	author = {Moti Mizrahi},
	doi = {10.1007/s10838-013-9229-1},
	journal = {Journal for General Philosophy of Science / Zeitschrift f{\"u}r Allgemeine Wissenschaftstheorie},
	number = {2},
	pages = {375--390},
	publisher = {Springer Verlag},
	title = {What is Scientific Progress? Lessons From Scientific Practice},
	volume = {44},
	year = {2013},
}

@article{Mizrahi2017-MIZSPW,
	author = {Moti Mizrahi},
	doi = {10.1080/02698595.2019.1565213},
	journal = {International Studies in the Philosophy of Science},
	number = {4},
	pages = {415--419},
	publisher = {Routledge},
	title = {Scientific Progress: Why Getting Closer to Truth Is Not Enough},
	volume = {31},
	year = {2017},
}

@article{mizrahi21,
	author = {Moti Mizrahi},
	journal = {Synthese},
	number = {1-2},
	pages = {2375-2394},
	title = {Conceptions of scientific progress in scientific practice: an empirical study},
	volume = {199},
	year = {2021},
}

@article{mukhi11,
	author = {Mukhi, Sunil},
        doi = {10.1088/0264-9381/28/15/153001},
	journal = {Classical and Quantum Gravity},
	number = {15},
	title = {String theory: a perspective over the last 25 years},
	volume = {28},
	year = {2011}}

@article{Nachman:2020ccu,
	archiveprefix = {arXiv},
	author = {Nachman, Benjamin},
	eprint = {2010.14554},
	month = {10},
	primaryclass = {hep-ph},
	title = {{Anomaly Detection for Physics Analysis and Less than Supervised Learning}},
	year = {2020}}

@book{national86,
	author={National Research Council, A. and others},
	publisher = {National Academic Press},
	title = {An Overview: Physics Through the 1990's},
	year = {1986}}

@book{national98,
	author={National Research Council, A. and others},
	publisher = {National Academic Press},
	title = {Elementary-Particle Physics Revealing the Secrets of Energy and Matter},
	year = {1998}}

@article{Niiniluoto1980-NIISP,
	author = {Ilkka Niiniluoto},
	doi = {10.1007/BF02221787},
	journal = {Synthese},
	number = {3},
	pages = {427--462},
	publisher = {Springer},
	title = {Scientific Progress},
	volume = {45},
	year = {1980},
}

@article{Niiniluoto1998-NIIVTT,
	author = {Ilkka Niiniluoto},
	doi = {10.1093/bjps/49.1.1},
	journal = {British Journal for the Philosophy of Science},
	number = {1},
	pages = {1--29},
	publisher = {Routledge},
	title = {Verisimilitude: The Third Period},
	volume = {49},
	year = {1998},
}

@article{Niiniluoto2014-NIISPA-2,
	author = {Ilkka Niiniluoto},
	doi = {10.1016/j.shpsa.2014.02.002},
	journal = {Studies in History and Philosophy of Science Part A},
	pages = {73--77},
	publisher = {Elsevier},
	title = {Scientific Progress as Increasing Verisimilitude},
	volume = {46},
	year = {2014},
}


@article{niiniluoto19,
	author = {Ilkka Niiniluoto},
	journal = {Stanford Encyclopedia ofPhilosophy (Winter 2019 Edition)},
	publisher = {Elsevier},
	title = {Scientific Progress as Increasing Verisimilitude},
	year = {2019},
}

@article{pais68,
	author = {Abraham Pais},
	title = {20 Years of Physics: Particles},
	journal = {Physics Today},
	publisher = {Elsevier},
	volume = {21},
	number = {5},
	year = {1968},
	pages = {24-28}
}

@report{panel14,
author = {Particle Physics Project Prioritization Panel },
title = {Building for Discovery - Strategic Plan for U.S. Particle Physics in the Global Context},
institution = {Report of the Particle Physics Project Prioritization Panel (P5)},
year = {2014}}

@article{peskin15,
	author={Peskin, Michael},
	doi = {10.1002/andp.201500225},
	journal = {Special Issue: Particle Physics after the Higgs},
	number = {1-2},
	pages = {20-34},
	publisher = {Annalen der Physik},
	title = {On the Trail of the Higgs Boson},
	volume = {528},
	year = {2015},
}

@article{Pich2014,
	author = {Antonio Pich},
	publisher = {Moriond 2014, QCD and High Energy Interactions;has to be checked},
	title = {MORIOND 2014, QCD AND HIGH ENERGY INTERACTIONS-EXPERIMENTAL SUMMARY},
	year = {2014}}

@book{pickering99,
	author={Pickering, Andrew},
	publisher = {University of Chicago Press},
	title = {Constructing Quarks: A Sociological History of Particle Physics },
	year = {1999}}

@article{Pitt98,
	author = {Joseph C. Pitt},
	publisher = {PHIL & TECH 3:3},
	title = {EXPLAINING CHANGE IN SCIENCE},
	year = {1998}}

@article{pokorski15,
	author={Pokorski, Stefan},
	doi = {10.1002/andp.201500162},
	journal = {Special Issue: Particle Physics after the Higgs},
	number = {1-2},
	pages = {84-88},
	publisher = {Annalen der Physik},
	title = {The state of supersymmetry},
	volume = {528},
	year = {2015},
}

@article{Rowbottom2015-ROWSPW,
	author = {Darrell Patrick Rowbottom},
	doi = {10.1016/j.shpsa.2015.01.003},
	journal = {Studies in History and Philosophy of Science Part A},
	pages = {100--104},
	publisher = {Digital Commons Lingnan University},
	title = {Scientific Progress Without Increasing Verisimilitude: In Response to Niiniluoto},
	volume = {51},
	year = {2015}}

@book{rubinstein81,
	author = {Rubinstein, Roy.},
	publisher = {Fermi National Accelerator Laboratory},
        address = {Batavia, Illinois},
	title = {Fermilab Research Program Workbook},
	type = {Book},
	year = {1981}}


@article{Schnitzer:2020coc,
	archiveprefix = {arXiv},
	author = {Schnitzer, Howard J.},
	eprint = {2012.08887},
	month = {12},
	primaryclass = {physics.hist-ph},
	reportnumber = {BRX-TH-6668},
	title = {{The Crucial Calculation as a Motivating Force In Particle Physics}},
	year = {2020}}

@article{Shapere1982,
	author = {Dudley Shapere},
	doi = {10.1086/289075},
	journal = {Philosophy of Science},
	number = {4},
	pages = {485--525},
	publisher = {University of Chicago Press},
	title = {The Concept of Observation in Science and Philosophy},
	volume = {49},
	year = {1982},
}

@article{Shipsey2016,
	author = {Ian Shipsey},
	publisher = {38th International Conference on High Energy Physics; Chicago, USA},
	title = {Vision and Outlook: The Future of Particle Physics},
	year = {2016}}

@article{Sober1999,
	author = {Elliott Sober},
	journal = {Critica},
	number = {91},
	pages = {3--39},
	publisher = {Instituto de Investigaciones Filos\'oficas},
	title = {Instrumentalism Revisited},
	volume = {31},
	year = {1999}}

@article{Staley-2018,
	author = {Staley, Kent W},
	doi = {10.1093/bjps/axx036},
	eprint = {https://academic.oup.com/bjps/article-pdf/71/1/87/32567803/axx036.pdf},
	issn = {0007-0882},
	journal = {The British Journal for the Philosophy of Science},
	month = {06},
	number = {1},
	pages = {87-113},
	title = {{Securing the Empirical Value of Measurement Results}},
	url = {https://doi.org/10.1093/bjps/axx036},
	volume = {71},
	year = {2018},
}

@article{Steinle1997,
	author = {Friedrich Steinle},
	doi = {10.1086/392587},
	journal = {Philosophy of Science},
	number = {4},
	pages = {74},
	publisher = {University of Chicago Press},
	title = {Entering New Fields: Exploratory Uses of Experimentation},
	volume = {64},
	year = {1997},
}

@article{stevens03,
	author = {Stevens, Hallam},
	journal = {Historical Studies in the Physical and Biological Sciences},
	note = {10.1525/hsps.2003.34.1.151 },
	number = {1},
	pages = {151-197},
	title = {Fundamental physics and its justifications, 1945-1993},
	type = {Journal Article},
	volume = {34},
	year = {2003}}

@article{williams2018,
	author = {Porter Williams},
	journal = {British Journal for the Philosophy of Science},
	title = {Scientific Realism Made Effective},
	type = {Journal Article},
	year = {2018}}


@article{witten97,
	author = {Witten, Edward},
	journal = {Physics today},
	number = {5},
	pages = {438},
	title = {Unity  of  all  elementary  particle  forces},
	volume = {50},
	year = {1974}}

@book{vf80,
	address = {New York},
	author = {van Fraassen, Bas C.},
	isbn = {019824424X},
	keywords = {Science Philosophy.},
	pages = {xi, 235 p.},
	publisher = {Clarendon Press},
	series = {Clarendon library of logic and philosophy},
	title = {The Scientific Image},
	type = {Book},
	year = {1980}}
